<record><leader>00000cas a2200000 a 4500</leader><controlfield tag="001">12548634</controlfield><controlfield tag="008">850914d19611970hiumr ne      0    0eng d</controlfield><datafield ind1=" " ind2=" " tag="010"><subfield code="a">sn 85047238 </subfield></datafield><datafield ind1=" " ind2=" " tag="040"><subfield code="a">HUH</subfield><subfield code="b">eng</subfield><subfield code="c">HUH</subfield><subfield code="d">HWN</subfield><subfield code="d">OCL</subfield><subfield code="d">OCLCQ</subfield><subfield code="d">OCLCO</subfield></datafield><datafield ind1="1" ind2=" " tag="029"><subfield code="a">AU@</subfield><subfield code="b">000022168348</subfield></datafield><datafield ind1=" " ind2=" " tag="042"><subfield code="a">msc</subfield></datafield><datafield ind1=" " ind2=" " tag="043"><subfield code="a">n-us-hi</subfield></datafield><datafield ind1="0" ind2="0" tag="245"><subfield code="a">Paka paniolo =</subfield><subfield code="b">Parker Ranch cowboy.</subfield></datafield><datafield ind1="3" ind2="1" tag="246"><subfield code="a">Parker Ranch cowboy</subfield></datafield><datafield ind1=" " ind2=" " tag="260"><subfield code="a">Kamuela, Hawaii :</subfield><subfield code="b">R. Smart,</subfield><subfield code="c">1961-1970.</subfield></datafield><datafield ind1=" " ind2=" " tag="300"><subfield code="a">10 v. :</subfield><subfield code="b">ill.</subfield></datafield><datafield ind1=" " ind2=" " tag="310"><subfield code="a">Monthly</subfield></datafield><datafield ind1="0" ind2=" " tag="362"><subfield code="a">[No. 1] (Dec. 1961)-no. 103 (Aug. 1970).</subfield></datafield><datafield ind1="8" ind2=" " tag="521"><subfield code="a">"Published each month for the Parker Ranch family."</subfield></datafield><datafield ind1=" " ind2="0" tag="651"><subfield code="a">Waimea (Hawaii Island, Hawaii)</subfield><subfield code="v">Periodicals.</subfield></datafield><datafield ind1="2" ind2="0" tag="610"><subfield code="a">Parker Ranch (Hawaii Island, Hawaii)</subfield><subfield code="v">Periodicals.</subfield></datafield><datafield ind1="1" ind2=" " tag="700"><subfield code="a">Smart, Richard,</subfield><subfield code="d">1913-1992.</subfield></datafield><datafield ind1=" " ind2=" " tag="752"><subfield code="a">United States</subfield><subfield code="b">Hawaii</subfield><subfield code="c">Hawaii</subfield><subfield code="d">Kamuela.</subfield></datafield></record>